<record><leader>00000cas a22000007a 4500</leader><controlfield tag="001">13895276</controlfield><controlfield tag="008">860717d19321959txudn ne      0    0eng d</controlfield><datafield ind1=" " ind2=" " tag="010"><subfield code="a">sn 86088046 </subfield></datafield><datafield ind1=" " ind2=" " tag="040"><subfield code="a">PPM</subfield><subfield code="b">eng</subfield><subfield code="c">PPM</subfield><subfield code="d">OCLCQ</subfield></datafield><datafield ind1=" " ind2=" " tag="042"><subfield code="a">msc</subfield></datafield><datafield ind1="0" ind2="0" tag="245"><subfield code="a">Lubbock evening journal.</subfield></datafield><datafield ind1="3" ind2="0" tag="246"><subfield code="a">Sunday avalanche-journal</subfield></datafield><datafield ind1=" " ind2=" " tag="260"><subfield code="a">Lubbock, Tex. :</subfield><subfield code="b">Plains Journal, Inc.,</subfield><subfield code="c">1932-1959.</subfield></datafield><datafield ind1=" " ind2=" " tag="300"><subfield code="a">v. :</subfield><subfield code="b">ill.</subfield></datafield><datafield ind1=" " ind2=" " tag="310"><subfield code="a">Daily (except Sat. and Sun.)</subfield></datafield><datafield ind1="0" ind2=" " tag="362"><subfield code="a">Vol. 8, no. 37 (Oct. 31, 1932)-v. 35, no. 218 (June 26, 1959).</subfield></datafield><datafield ind1=" " ind2=" " tag="500"><subfield code="a">Sunday paper called: Sunday avalanche-journal.</subfield></datafield><datafield ind1=" " ind2=" " tag="580"><subfield code="a">Other edition available: Lubbock avalanche-journal.</subfield></datafield><datafield ind1=" " ind2=" " tag="752"><subfield code="a">United States</subfield><subfield code="b">Texas</subfield><subfield code="c">Lubbock</subfield><subfield code="d">Lubbock.</subfield></datafield><datafield ind1="1" ind2=" " tag="775"><subfield code="t">Lubbock avalanche-journal</subfield><subfield code="w">(OCoLC)13990546</subfield></datafield><datafield ind1="0" ind2="0" tag="780"><subfield code="t">Lubbock daily journal</subfield></datafield><datafield ind1="0" ind2="0" tag="785"><subfield code="t">Lubbock avalanche-journal (Lubbock, Tex. : 1959 : Evening ed.)</subfield><subfield code="w">(OCoLC)13990465</subfield></datafield></record>